@Unpublished{oldbioperlmaillist,
  author = 	 {},
  title = 	 {Original Bioperl Charter and Mailing List},
  note = 	 {http://www.techfak.....bielfield.de/XXX},
  OPTkey = 	 {},
  OPTmonth = 	 {},
  OPTyear = 	 {},
  OPTannote = 	 {}
}

@Manual{,
  title = 	 {GCG},
  OPTkey = 	 {},
  OPTauthor = 	 {},
  organization = {GCG.com},
  OPTaddress = 	 {},
  OPTedition = 	 {},
  OPTmonth = 	 {},
  OPTyear = 	 {},
  OPTnote = 	 {},
  OPTannote = 	 {}
}

